<record><leader>00000cas a2200000 a 4500</leader><controlfield tag="001">11957305</controlfield><controlfield tag="008">850424d18821903ksuwr ne      0    0eng d</controlfield><datafield ind1=" " ind2=" " tag="010"><subfield code="a">sn 85030214 </subfield></datafield><datafield ind1=" " ind2=" " tag="040"><subfield code="a">KSH</subfield><subfield code="b">eng</subfield><subfield code="c">KSH</subfield><subfield code="d">NPT</subfield><subfield code="d">OCL</subfield><subfield code="d">OCLCQ</subfield></datafield><datafield ind1=" " ind2=" " tag="042"><subfield code="a">msc</subfield></datafield><datafield ind1="0" ind2="0" tag="245"><subfield code="a">Emporia weekly republican.</subfield></datafield><datafield ind1=" " ind2=" " tag="260"><subfield code="a">Emporia, Kan. :</subfield><subfield code="b">C.V. Eskridge,</subfield><subfield code="c">1882-1903.</subfield></datafield><datafield ind1=" " ind2=" " tag="300"><subfield code="a">23 v. :</subfield><subfield code="b">ill. ;</subfield><subfield code="c">68 cm.</subfield></datafield><datafield ind1=" " ind2=" " tag="310"><subfield code="a">Weekly</subfield></datafield><datafield ind1="0" ind2=" " tag="362"><subfield code="a">Vol. 1, no. 1 (Jan. 26, 1882)-v. 22 (Apr. 30, 1903).</subfield></datafield><datafield ind1=" " ind2=" " tag="500"><subfield code="a">Published by: Albert Strong, Dec. 20, 1900-Jan. 29, 1903; Wm. L. Stahl, Feb. 5-Apr. 30, 1903.</subfield></datafield><datafield ind1=" " ind2=" " tag="515"><subfield code="a">Numbering is irregular.</subfield></datafield><datafield ind1=" " ind2=" " tag="525"><subfield code="a">Supplements included.</subfield></datafield><datafield ind1=" " ind2=" " tag="580"><subfield code="a">Also published in a daily edition called: Emporia daily republican.</subfield></datafield><datafield ind1=" " ind2=" " tag="752"><subfield code="a">United States</subfield><subfield code="b">Kansas</subfield><subfield code="c">Lyon</subfield><subfield code="d">Emporia.</subfield></datafield><datafield ind1="1" ind2=" " tag="775"><subfield code="t">Emporia daily republican</subfield><subfield code="w">(DLC)sn 85030209</subfield></datafield><datafield ind1="0" ind2="0" tag="780"><subfield code="t">Emporia ledger</subfield><subfield code="w">(DLC)sn 85030213</subfield></datafield><datafield ind1="0" ind2="5" tag="780"><subfield code="t">Weekly news-democrat</subfield><subfield code="g">May 1, 1890</subfield><subfield code="w">(DLC)sn 85030223</subfield></datafield><datafield ind1="0" ind2="0" tag="785"><subfield code="t">Emporia republican (Emporia, Kan. : Weekly)</subfield><subfield code="w">(DLC)sn 85030215</subfield></datafield></record>